<?xml version="1.0" encoding="UTF-8"?><collection xmlns="http://www.loc.gov/MARC21/slim"><record><leader>00431nam--2200133-i-4500</leader><controlfield tag="001">000019929</controlfield><controlfield tag="002">20161230</controlfield><controlfield tag="005">20161230201033</controlfield><controlfield tag="008">060222s1000------------r-----000-0-eng-d</controlfield><datafield ind1=" " ind2=" " tag="080"><subfield code="a">621.384:653.4(043)</subfield></datafield><datafield ind1=" " ind2=" " tag="100"><subfield code="a">Dobrescu, S</subfield></datafield><datafield ind1=" " ind2=" " tag="245"><subfield code="a">Instalatie de polarizare nucleara si alte contributii la largirea posibilitatilor de lucru cu acceleratorul tandem tip f.n.al ifin. teza</subfield></datafield><datafield ind1=" " ind2=" " tag="260"><subfield code="a">Bucuresi, Ifin, 1981. 188 P</subfield></datafield><datafield ind1=" " ind2=" " tag="852"><subfield code="a">48816</subfield></datafield></record></collection>